@article{russakovsky2015imagenet,
  title={Imagenet large scale visual recognition challenge},
  author={Russakovsky, Olga and Deng, Jia and Su, Hao and Krause, Jonathan and Satheesh, Sanjeev and Ma, Sean and Huang, Zhiheng and Karpathy, Andrej and Khosla, Aditya and Bernstein, Michael and others},
  journal={International Journal of Computer Vision},
  volume={115},
  number={3},
  pages={211--252},
  year={2015},
  publisher={Springer}
}

@article{wang2016does,
  title={Where does AlphaGo go: from Church-Turing thesis to AlphaGo thesis and beyond},
  author={Wang, Fei-Yue and Zhang, Jun Jason and Zheng, Xinhu and Wang, Xiao and Yuan, Yong and Dai, Xiaoxiao and Zhang, Jie and Yang, Liuqing},
  journal={IEEE/CAA Journal of Automatica Sinica},
  volume={3},
  number={2},
  pages={113--120},
  year={2016},
  publisher={IEEE}
}

@article{akopyan2015truenorth,
  title={TrueNorth: Design and tool flow of a 65 mW 1 million neuron programmable neurosynaptic chip},
  author={Akopyan, Filipp and Sawada, Jun and Cassidy, Andrew and Alvarez-Icaza, Rodrigo and Arthur, John and Merolla, Paul and Imam, Nabil and Nakamura, Yutaka and Datta, Pallab and Nam, Gi-Joon and others},
  journal={IEEE Transactions on Computer-Aided Design of Integrated Circuits and Systems},
  volume={34},
  number={10},
  pages={1537--1557},
  year={2015},
  publisher={IEEE}
}

@article{abadi2016tensorflow,
  title={Tensorflow: Large-scale machine learning on heterogeneous distributed systems},
  author={Abadi, Mart{\'\i}n and Agarwal, Ashish and Barham, Paul and Brevdo, Eugene and Chen, Zhifeng and Citro, Craig and Corrado, Greg S and Davis, Andy and Dean, Jeffrey and Devin, Matthieu and others},
  journal={arXiv preprint arXiv:1603.04467},
  year={2016}
}

@article{jouppi2017datacenter,
  title={In-Datacenter Performance Analysis of a Tensor Processing Unit},
  author={Jouppi, Norman P and Young, Cliff and Patil, Nishant and Patterson, David and Agrawal, Gaurav and Bajwa, Raminder and Bates, Sarah and Bhatia, Suresh and Boden, Nan and Borchers, Al and others},
  journal={arXiv preprint arXiv:1704.04760},
  year={2017}
}

@article{chen2016diannao,
  title={DianNao family: energy-efficient hardware accelerators for machine learning},
  author={Chen, Yunji and Chen, Tianshi and Xu, Zhiwei and Sun, Ninghui and Temam, Olivier},
  journal={Communications of the ACM},
  volume={59},
  number={11},
  pages={105--112},
  year={2016},
  publisher={ACM}
}

@inproceedings{chen2014diannao,
  title={Diannao: A small-footprint high-throughput accelerator for ubiquitous machine-learning},
  author={Chen, Tianshi and Du, Zidong and Sun, Ninghui and Wang, Jia and Wu, Chengyong and Chen, Yunji and Temam, Olivier},
  booktitle={ACM Sigplan Notices},
  volume={49},
  number={4},
  pages={269--284},
  year={2014},
  organization={ACM}
}

@inproceedings{chen2014dadiannao,
  title={Dadiannao: A machine-learning supercomputer},
  author={Chen, Yunji and Luo, Tao and Liu, Shaoli and Zhang, Shijin and He, Liqiang and Wang, Jia and Li, Ling and Chen, Tianshi and Xu, Zhiwei and Sun, Ninghui and others},
  booktitle={Proceedings of the 47th Annual IEEE/ACM International Symposium on Microarchitecture},
  pages={609--622},
  year={2014},
  organization={IEEE Computer Society}
}

@inproceedings{liu2015pudiannao,
  title={Pudiannao: A polyvalent machine learning accelerator},
  author={Liu, Daofu and Chen, Tianshi and Liu, Shaoli and Zhou, Jinhong and Zhou, Shengyuan and Teman, Olivier and Feng, Xiaobing and Zhou, Xuehai and Chen, Yunji},
  booktitle={ACM SIGARCH Computer Architecture News},
  volume={43},
  number={1},
  pages={369--381},
  year={2015},
  organization={ACM}
}

@inproceedings{liu2016cambricon,
  title={Cambricon: An instruction set architecture for neural networks},
  author={Liu, Shaoli and Du, Zidong and Tao, Jinhua and Han, Dong and Luo, Tao and Xie, Yuan and Chen, Yunji and Chen, Tianshi},
  booktitle={Proceedings of the 43rd International Symposium on Computer Architecture},
  pages={393--405},
  year={2016},
  organization={IEEE Press}
}

@book{hetzel1991complete,
  title={The complete guide to software testing},
  author={Hetzel, William C and Hetzel, Bill},
  year={1991},
  publisher={John Wiley \& Sons, Inc.}
}

@inproceedings{hannan1992compiler,
  title={Compiler verification in LF},
  author={Hannan, John and Pfenning, Frank},
  booktitle={Logic in Computer Science, 1992. LICS'92., Proceedings of the Seventh Annual IEEE Symposium on},
  pages={407--418},
  year={1992},
  organization={IEEE}
}

@phdthesis{berezin2002model,
  title={Model checking and theorem proving: a unified framework},
  author={Berezin, Sergey},
  year={2002},
  school={SRI International}
}

@article{pnueli1998translation,
  title={Translation validation},
  author={Pnueli, Amir and Siegel, Michael and Singerman, Eli},
  journal={Tools and Algorithms for the Construction and Analysis of Systems},
  pages={151--166},
  year={1998},
  publisher={Springer}
}

@article{rinard2003credible,
  title={Credible compilation},
  author={Rinard, Martin C},
  year={2003}
}

@article{许静2003软件测试方法简述与展望,
  title={软件测试方法简述与展望},
  author={许静 and 陈宏刚 and 王庆人},
  journal={计算机工程与应用},
  volume={39},
  number={13},
  pages={75--78},
  year={2003}
}

@phdthesis{俞甲子2008gcc,
  title={GCC 编译器安全验证方法研究},
  author={俞甲子},
  year={2008},
  school={杭州: 浙江大学}
}

@book{eijkhout2014introduction,
  title={Introduction to High Performance Scientific Computing},
  author={Eijkhout, Victor},
  year={2014},
  publisher={Lulu. com}
}